@inproceedings{_,
  author = "Polovtcev, Aleksandr and Krikun, Tatyana and Vert, Tatyana and Zozulya, Aleksey and Itsykson, Vladimir",
  title = "Visualization of parallel program execution for software behavior analysis and defect detection",
  booktitle = "CEE-SECR '14 Proceedings of the 10th Central and Eastern European Software Engineering Conference in Russia",
  year = "2014",
  isbn = "978-1-4503-2889-0",
  publisher = "ACM",
  address   = "New York, NY"
}
